@book{MPIP,
	title={Mathematical Problems in Image Processing: Partial Differential Equations And the Calculus of Variations}, 
	volume={147},
	publisher={Springer},
	author={Pierre Kornprobst and Pierre Kornprobst},
	year={2002}
}

@book{Sestini,
	title={Metodi alle differenze finite per problemi ai limiti},
	author={Alessandra Sestini},
	year={2017}
} 

@article{FD,
	title={Finite-Difference Approximations to the Heat Equation},
	author={Gerald W. Recktenwald},
	year={2004}
} 

@book{storia,
	title={Digital Image Processing},
	author={Rafael C. Gonzalez and Richard E. Wood},
	publisher={Addison-Wesley},
	year={1992}
} 


@article{1960,
  title={Picture Processing by Computer},
  publisher={American Elseuier},
  author={Azriel Rosenfeld},
  journal={New York: Academic Press},
  year={1969}
}

@book{korn,
  title={Image Processing using Partial Differential Equations (PDE)},
  author={Pierre Kornprobst},
  year={2014}
}

@book{stab,
  title={Numerical Mathematics Springer Texts in Applied Mathematics},
  author={Quarteroni, Sacco, Saleri},
  year={2010}
}

@book{monegato,
  title={Fondamenti di Calcolo Numerico},
  author={Giovanni Monegato},
  year={1998}
}

@article{fodde,
  title={La Fotografia in bianconero},
  publisher={American Elseuier},
  author={Marco Fodde},
  journal={Roma, Edizioni Reflex},
  year={2000}
}

@book{morphing,
  title={Elementary linear algebra: Applications version},
  author={Anton H. , Rorres C.},
  year={2010}
}


@article{Weickert,
  title={Coherence-Enhancing Diffusion Filtering},
  publisher={Kluwer Academic Publishers},
  author={Joachim Weickert},
  journal={International Journal of Computer Vision },
  year={1999}
}


@article{YANG,
  title={Structure adaptive anisotropic image filtering},
  author={G.Z. Yang and P. Burger and D.N. Firmin and S.R. Underwood},
  journal={Image and Vision Computing},
  year={1996}
}

